@article{dummy2013a,
author = {DummyAuthor},
title = {{DummyTitle}},
year = {DummyYear}
}